@article{ matsushigue,
  author = {Matsushigue, Thaís and Franco, Valmir Pagliaro and Pierami, Rafael and Tamaoki, Marcel Jun Sugawara and Netto, Nicola Archetti and Matsumoto, Marcelo Hide},
  title = {A tomografia computadorizada e sua reconstrução 3D aumentam a reprodutibilidade das classificações das fraturas da extremidade proximal do úmero?},  
  publisher = {},
  journal = {Revista Brasileira de Ortopedia},
  year = {2014},
  pages = {174--177}
}

@article{ robertson,
  author = {{Mark A.} Robertson and Sean Borman and {Robert L.} Stevenson},
  title = {Estimation-theoretic approach to dynamic range enhancement using multiple exposures},
  journal = {Journal of Electronic Imaging 12(2), 219  228 (April 2003).},
  year = {2003},
  volume = {12},
  number = {2},
  pages = {219--228},
  month = apr
}

@InProceedings{robertson2,
  title = {Dynamic Range Improvement Through Multiple Exposures},
  author = {{Mark A.} Robertson and Sean Borman and {Robert L.} Stevenson},
  booktitle = {Proceedings of the IEEE International Conference on Image Processing},
  volume = {3},
  pages = {159--163},
  address = {Kobe, Japan},
  month = oct,
  year = {1999},
  organization = {IEEE},
  key = {calibration, cameras, image, enhancement, photography, digital cameras
         dynamic range improvement, effective dynamic range, multiple
         exposures, multiple photographs, multiply-exposed input images},
  abstract = {This paper presents an approach for improving the effective
              dynamic range of cameras by using multiple photographs of the
              same scene taken with different exposure times. Using this method
              enables the photographer to accurately capture scenes that
              contain a high dynamic range, i.e., scenes that have both very
              bright and very dark regions. The approach requires an initial
              calibration, where the camera response function is
              determined. Once the response function for a camera is known,
              high dynamic range images can be computed easily. The high
              dynamic range output image consists of a weighted average of the
              multiply-exposed input images, and thus contains information
              captured by each of the input images. From a computational
              standpoint, the proposed algorithm is very efficient, and
              requires little processing time to determine a solution}

}

@book{ballard&brown,
 author = {Ballard, Dana Harry and Brown, Christopher M.},
 title = {Computer Vision},
 year = {1982},
 isbn = {0131653164},
 edition = {1st},
 publisher = {Prentice Hall Professional Technical Reference}
}

@book{livroCalculoNumerico,
 author = {Ruggiero, Marcia A. Gomes and Lopes, Vera Lúcia da Rocha Lopes},
 title = {Cálculo Numérico: Aspectos teóricos e computacionais},
 year = {1996},
 isbn = {8534602042},
 edition = {2nd},
 publisher = {Makron Books}
}

@article{hdrMovimento,
 author = {Sen, Pradeep and Kalantari, Nima Khademi and Yaesoubi, Maziar and Darabi, Soheil and Goldman, Dan B. and Shechtman, Eli},
 title = {Robust Patch-based Hdr Reconstruction of Dynamic Scenes},
 journal = {ACM Trans. Graph.},
 issue_date = {November 2012},
 volume = {31},
 number = {6},
 month = nov,
 year = {2012},
 issn = {0730-0301},
 pages = {203:1--203:11},
 articleno = {203},
 numpages = {11},
 url = {http://doi.acm.org/10.1145/2366145.2366222},
 doi = {10.1145/2366145.2366222},
 acmid = {2366222},
 publisher = {ACM},
 address = {New York, NY, USA},
 keywords = {high-dynamic range imaging, image alignment}
} 

@article{agarwal,
 author = {Agarwal, Sameer and Furukawa, Yasutaka and Snavely, Noah and Simon, Ian and Curless, Brian and Seitz, Steven M. and Szeliski, Richard},
 title = {Building Rome in a Day},
 journal = {Commun. ACM},
 issue_date = {October 2011},
 volume = {54},
 number = {10},
 month = oct,
 year = {2011},
 issn = {0001-0782},
 pages = {105--112},
 numpages = {8},
 url = {http://doi.acm.org/10.1145/2001269.2001293},
 doi = {10.1145/2001269.2001293},
 acmid = {2001293},
 publisher = {ACM},
 address = {New York, NY, USA}
} 

@techreport{mann,
  author = {Mann, S. and Picard, R.W.},
  title = {Being 'undigital' with digital cameras: Extending Dynamic Range by Combining Differently Exposed Pictures},
  number = {323},
  institution = {M.I.T. Media Lab Perceptual Computing Section},
  address = {Boston, Massachusetts},
  year = {1994},
  pages = {422-428}
}

@mastersthesis{camargo,
    author    = {Camargo, Marcelo Antonio Ribeiro},
    title     = {Geração de objetos virtuais a partir de imagens},
    school    = {Universidade Metodista de Piracicaba},
    year      = {2008}
}

@INPROCEEDINGS{granados, 
author={Granados, M. and Ajdin, B. and Wand, M. and Theobalt, C. and Seidel, H.-P. and Lensch, H.}, 
booktitle={Computer Vision and Pattern Recognition (CVPR), 2010 IEEE Conference on}, 
title={Optimal HDR reconstruction with linear digital cameras}, 
year={2010}, 
pages={215-222}, 
keywords={Gaussian noise;cameras;image denoising;image reconstruction;optimisation;statistical analysis;Gaussian noise;HDR camera;high dynamic range;image denoising;irradiance estimation;linear camera sensor;signal-to-noise ratio;statistically optimal estimate;Colored noise;Dark current;Digital cameras;Dynamic range;Image reconstruction;Layout;Noise reduction;Signal to noise ratio;Smoothing methods;Uncertainty}, 
doi={10.1109/CVPR.2010.5540208}, 
ISSN={1063-6919}, 
month={June},}

@InProceedings{mitsunaga, 
author = {T. Mitsunaga and S.K. Nayar},
title = {{R}adiometric {S}elf {C}alibration},
booktitle = {IEEE Conference on Computer Vision and Pattern Recognition (CVPR)},
volume = {1},
pages = {374--380},
month = {Jun},
year = {1999}
}

@inproceedings{ali,
  title={Comparametric image compositing: Computationally efficient high dynamic range imaging},
  author={Ali, Mir Adnan and Mann, Steve},
  booktitle={Acoustics, Speech and Signal Processing (ICASSP), 2012 IEEE International Conference on},
  pages={913--916},
  year={2012},
  organization={IEEE}
}

@Article{hdr3d,
AUTHOR = {Kontogianni, G. and Stathopoulou, E. K. and Georgopoulos, A. and Doulamis, A.},
TITLE = {HDR IMAGING FOR FEATURE DETECTION ON DETAILED ARCHITECTURAL SCENES},
JOURNAL = {ISPRS - International Archives of the Photogrammetry, Remote Sensing and Spatial Information Sciences},
VOLUME = {XL-5/W4},
YEAR = {2015},
PAGES = {325--330},
URL = {http://www.int-arch-photogramm-remote-sens-spatial-inf-sci.net/XL-5-W4/325/2015/},
DOI = {10.5194/isprsarchives-XL-5-W4-325-2015}
}

@Article{bestHDRs,
  author       = "Aguerrebere, C. and Delon, Julie and Gousseau, Yann and Musé, Pablo",
  title        = "Best Algorithms for HDR Image Generation. A Study of Performance Bounds",
  journal      = "SIAM Journal on Imaging Sciences",
  number       = "1",
  volume       = "71",
  pages        = "1--34",
  year         = "2014",
  url          = "http://iie.fing.edu.uy/publicaciones/2014/ADGM14"
}


@article{beatriz,
  title = "3{D} preserving {XVIII} century barroque masterpiece: Challenges and results on the digital preservation of {A}leijadinho's sculpture of the {P}rophet {J}oel",
  journal = "Journal of Cultural Heritage",
  volume = "13",
  number = "2",
  pages = "210 - 214",
  year = "2012",
  note = "",
  issn = "1296-2074",
  doi = "DOI: 10.1016/j.culher.2011.05.003",
  url = "http://www.sciencedirect.com/science/article/pii/S1296207411000525",
  author = "Beatriz Trinchão Andrade and Caroline Mazetto Mendes and Jurandir de Oliveira Santos Jr. and Olga Regina Pereira Bellon and Luciano Silva",
}

@INPROCEEDINGS{simakov, 
author={Simakov, D. and Caspi, Y. and Shechtman, E. and Irani, M.}, 
booktitle={Computer Vision and Pattern Recognition, 2008. CVPR 2008. IEEE Conference on}, 
title={Summarizing visual data using bidirectional similarity}, 
year={2008}, 
pages={1-8}, 
keywords={video signal processing;automatic cropping;bidirectional similarity;image collage;image-video data;object removal;visual data summarization;visual data synthesis;visual summary;well-defined similarity measure;Bidirectional control;Image generation;Image resolution;Image segmentation;Large screen displays;Pixel;Region 3;Scattering;Signal synthesis;Video sequences}, 
doi={10.1109/CVPR.2008.4587842}, 
ISSN={1063-6919}, 
month={June},}

@misc{picturenaut,
             title = {[{O}nline] {P}icturenaut. {D}isponível em: <http://www.hdrlabs.com/picturenaut/>. {A}cesso em: 14/04/2016.},
             key = {ZZZA},
             }
             
@misc{visualSFM,
             title = {[{O}nline] {V}isual{SFM}. {D}isponível em: <http://ccwu.me/vsfm/>. {A}cesso em: 01/05/2016.},
             key = {ZZZZ},
             }
             
@inproceedings{visualSFMBA,
 author = {Wu, Changchang},
 title = {Towards Linear-Time Incremental Structure from Motion},
 booktitle = {Proceedings of the 2013 International Conference on 3D Vision},
 series = {3DV '13},
 year = {2013},
 isbn = {978-0-7695-5067-1},
 pages = {127--134},
 numpages = {8},
 url = {http://dx.doi.org/10.1109/3DV.2013.25},
 doi = {10.1109/3DV.2013.25},
 acmid = {2544800},
 publisher = {IEEE Computer Society},
 address = {Washington, DC, USA},
 keywords = {VisualSFM, Structure from Motion},
}

@inproceedings{hdr3d2,
 author = {P\v{r}ibyl, Bronislav and Chalmers, Alan and Zem\v{c}\'{\i}k, Pavel},
 title = {Feature Point Detection Under Extreme Lighting Conditions},
 booktitle = {Proceedings of the 28th Spring Conference on Computer Graphics},
 series = {SCCG '12},
 year = {2012},
 isbn = {978-1-4503-1977-5},
 location = {Budmerice, Slovakia},
 pages = {143--150},
 numpages = {8},
 url = {http://doi.acm.org/10.1145/2448531.2448550},
 doi = {10.1145/2448531.2448550},
 acmid = {2448550},
 publisher = {ACM},
 address = {New York, NY, USA},
 keywords = {FAST, Fast Hessian, HDR, Harris corner detector, SURF, Shi-Tomasi, Wallis filter, corner point detection, feature point detection, high dynamic range imagery, interest point detection, tone mapping},
}

@article{sift,
 author = {Lowe, David G.},
 title = {Distinctive Image Features from Scale-Invariant Keypoints},
 journal = {Int. J. Comput. Vision},
 issue_date = {November 2004},
 volume = {60},
 number = {2},
 month = nov,
 year = {2004},
 issn = {0920-5691},
 pages = {91--110},
 numpages = {20},
 url = {http://dx.doi.org/10.1023/B:VISI.0000029664.99615.94},
 doi = {10.1023/B:VISI.0000029664.99615.94},
 acmid = {996342},
 publisher = {Kluwer Academic Publishers},
 address = {Hingham, MA, USA},
 keywords = {image matching, invariant features, object recognition, scale invariance},
}